<record><leader>00000cas a22000007a 4500</leader><controlfield tag="001">12959178</controlfield><controlfield tag="008">851230d18461853wvuwr ne      0    0eng d</controlfield><datafield ind1=" " ind2=" " tag="010"><subfield code="a">sn 85059892 </subfield></datafield><datafield ind1=" " ind2=" " tag="040"><subfield code="a">WVC</subfield><subfield code="b">eng</subfield><subfield code="c">WVC</subfield><subfield code="d">DLC</subfield><subfield code="d">OCL</subfield><subfield code="d">OCLCQ</subfield></datafield><datafield ind1=" " ind2=" " tag="042"><subfield code="a">msc</subfield></datafield><datafield ind1="0" ind2="0" tag="050"><subfield code="a">Newspaper 10185-X</subfield></datafield><datafield ind1="0" ind2=" " tag="130"><subfield code="a">Weston sentinel (Weston, Va. : 1846)</subfield></datafield><datafield ind1="1" ind2="4" tag="245"><subfield code="a">The Weston sentinel.</subfield></datafield><datafield ind1=" " ind2=" " tag="260"><subfield code="a">Weston, Va. [W. Va.] :</subfield><subfield code="b">Benjamin Owen</subfield></datafield><datafield ind1=" " ind2=" " tag="300"><subfield code="a">v. ;</subfield><subfield code="c">55 cm.</subfield></datafield><datafield ind1=" " ind2=" " tag="310"><subfield code="a">Weekly</subfield></datafield><datafield ind1="1" ind2=" " tag="362"><subfield code="a">Began with June 19, 1846 issue; ceased in 1853.</subfield><subfield code="z">Cf. Weston Independent. Lewis Co. Journalists &amp; Journalism.</subfield></datafield><datafield ind1=" " ind2=" " tag="588"><subfield code="a">Description based on: Vol. 1, no. 2 (June 26, 1846).</subfield></datafield><datafield ind1=" " ind2=" " tag="752"><subfield code="a">United States</subfield><subfield code="b">West Virginia</subfield><subfield code="c">Lewis</subfield><subfield code="d">Weston.</subfield></datafield><datafield ind1="1" ind2=" " tag="029"><subfield code="a">AU@</subfield><subfield code="b">000023786342</subfield></datafield></record>